<?xml version="1.0" encoding="UTF-8"?><collection xmlns="http://www.loc.gov/MARC21/slim"><record><leader>00381nam--2200133-i-4500</leader><controlfield tag="001">000023257</controlfield><controlfield tag="002">20161230</controlfield><controlfield tag="005">20161230201034</controlfield><controlfield tag="008">060222s1000------------r-----000-0-eng-d</controlfield><datafield ind1=" " ind2=" " tag="080"><subfield code="a">624.014</subfield></datafield><datafield ind1=" " ind2=" " tag="245"><subfield code="a">Executia centralizata a constructiilor si confectiilor metalice</subfield></datafield><datafield ind1=" " ind2=" " tag="260"><subfield code="a">Bucuresti, Centr.De Doc.Pt.Constr.Arhit.Sist., 1972. 19p</subfield></datafield><datafield ind1=" " ind2=" " tag="490"><subfield code="a">Studii.Realizari</subfield></datafield><datafield ind1=" " ind2=" " tag="852"><subfield code="a">37785</subfield></datafield></record></collection>